@article{dummy,
	author={Mahbit, Georges and Baralair, Lenny},
	title={Usages du \LaTeX dans les milieux technophiles},
	school={Poudlard},
	year={2013},
	journal={French Society of Procrastination}
}